@book{bela1,
        author = {Elliott Antokoletz},
        title = {The Music of Bela Bartok: A Study of Tonality and Progression
                 in Twentieth-Century Music},
        publisher = {University of California Press},
        year = {1990}
}

@book{bela2,
        author = {Erno Lendva},
        title = {Bela Bartok: An Analysis of His Music},
        publisher = {Pro Am Music Resources},
        year = {1991}
}

@book{mess,
        author = {Olivier Messiaen},
        title = {Technique de mon langage musical},
        publisher = {Alphonse Leduc},
        year = {1944}  
}

@book{lutos,
        author = {John Charles Bodman Rae},
        title = {Pitch organisation in the music of Witold Lutoslawski since 1979},
        publisher = {PhD thesis, University of Leeds},
        year = {1992}
}

@book{harm,
        author = {Vincent Persichetti},
        title = {Twentieth-Century Harmony: Creative Aspects and Practice},
        publisher = {W. W. Norton \& Company},
        year = {1961}
}

@ONLINE{avr,
        url = {http://en.wikipedia.org/wiki/Atmel_AVR}
}

@ONLINE{risc,
        url = {http://en.wikipedia.org/wiki/Reduced_instruction_set_computer}
}

@ONLINE{haskell,
        url = {http://www.haskell.org/}
}

@ONLINE{parsec,
        url = {http://www.haskell.org/haskellwiki/Parsec}
}

@ONLINE{lily,
        url = {http://www.lilypond.org/}
}

@ONLINE{alg,
        url = {http://www.cs.cmu.edu/~rbd/doc/nyquist/part16.html}
}

@ONLINE{csound,
        url = {http://www.csounds.com/manual/html/OrchTop.html}
}
